@incollection{godel1995,
  author      = "Kurt Gödel",
  title       = "Texts Relating to the Ontological Proof",
  booktitle   = "Unpublished Essays and Lectures",
  publisher   = "Oxford University Press",
  address     = "Oxford",
  year        = 1995,
  pages       = "429-437",
}

@incollection{sobel1987,
  author      = "Jordan Sobel",
  title       = "Gödel's ontological proof",
  booktitle   = "On Being and Saying: Essays for Richard Catwright",
  publisher   = "MIT Press",
  address     = "Oxford/MA \& London",
  year        = 1987,
  pages       = "241-261",
}

@article{Anderson1990,
  title={Some Emendations of Gödel's Ontological Proof},
  author={Anderson, Curtis Anthony},
  journal={Faith and Philosophy},
  year={1990},
  pages={291-303}
}

@article{Anderson1996,
  title={Gödel's ontological proof revisited},
  author={Anderson, Curtis Anthony; Geettings, Michael},
  journal={Lecture Notes in Logic},
  year={1996},
  pages={167-172}
}

@article{Benzmuller2016,
  title={The Inconsistency in Gödel's Ontological Argument - A Success Story for AI on Metaphysics},
  author={Benzmüller, Christoph; Woltzenlogel-Paleo, Bruno},
  journal={AAAI Press},
  year={2016},
  pages={936-942}
}
